<record><leader>00000cas a22000007a 4500</leader><controlfield tag="001">16786879</controlfield><controlfield tag="008">870930d19011901inuwr ne      0    0eng d</controlfield><datafield ind1=" " ind2=" " tag="010"><subfield code="a">sn 87056767 </subfield></datafield><datafield ind1=" " ind2=" " tag="040"><subfield code="a">NPI</subfield><subfield code="b">eng</subfield><subfield code="c">NPI</subfield><subfield code="d">OCLCQ</subfield><subfield code="d">IUL</subfield><subfield code="d">OCLCF</subfield></datafield><datafield ind1=" " ind2=" " tag="042"><subfield code="a">msc</subfield></datafield><datafield ind1=" " ind2=" " tag="043"><subfield code="a">n-us-in</subfield></datafield><datafield ind1="0" ind2=" " tag="130"><subfield code="a">Rays of light (North Manchester, Ind.)</subfield></datafield><datafield ind1="1" ind2="4" tag="245"><subfield code="a">The rays of light.</subfield></datafield><datafield ind1=" " ind2=" " tag="260"><subfield code="a">North Manchester, Ind. :</subfield><subfield code="b">W.E. Billings,</subfield><subfield code="c">1901.</subfield></datafield><datafield ind1=" " ind2=" " tag="300"><subfield code="a">1 volume</subfield></datafield><datafield ind1=" " ind2=" " tag="310"><subfield code="a">Weekly,</subfield><subfield code="b">Apr. 26, 1901-</subfield></datafield><datafield ind1=" " ind2=" " tag="321"><subfield code="a">Semiweekly,</subfield><subfield code="b">Mar. 6-Apr. 20, 1901</subfield></datafield><datafield ind1="0" ind2=" " tag="362"><subfield code="a">Vol. 16 (Mar. 6, 1901)-v. 16 (May 24, 1901).</subfield></datafield><datafield ind1=" " ind2=" " tag="500"><subfield code="a">Saturday issue called "Saturday extra," Mar. 6-Apr. 20, 1901.</subfield></datafield><datafield ind1=" " ind2="0" tag="651"><subfield code="a">North Manchester (Ind.)</subfield><subfield code="v">Newspapers.</subfield></datafield><datafield ind1=" " ind2="0" tag="651"><subfield code="a">Wabash County (Ind.)</subfield><subfield code="v">Newspapers.</subfield></datafield><datafield ind1=" " ind2="7" tag="655"><subfield code="a">Newspapers.</subfield><subfield code="2">fast</subfield><subfield code="0">(OCoLC)fst01423814</subfield></datafield><datafield ind1=" " ind2="7" tag="651"><subfield code="a">Indiana</subfield><subfield code="z">North Manchester.</subfield><subfield code="2">fast</subfield><subfield code="0">(OCoLC)fst01238536</subfield></datafield><datafield ind1=" " ind2="7" tag="651"><subfield code="a">Indiana</subfield><subfield code="z">Wabash County.</subfield><subfield code="2">fast</subfield><subfield code="0">(OCoLC)fst01218140</subfield></datafield><datafield ind1=" " ind2=" " tag="752"><subfield code="a">United States</subfield><subfield code="b">Indiana</subfield><subfield code="c">Wabash</subfield><subfield code="d">North Manchester.</subfield></datafield><datafield ind1="0" ind2="0" tag="780"><subfield code="t">Weekly rays of light</subfield><subfield code="w">(DLC)sn 87055474</subfield><subfield code="w">(OCoLC)15299156</subfield></datafield><datafield ind1="0" ind2="0" tag="785"><subfield code="t">North Manchester tribune</subfield><subfield code="w">(DLC)sn 87056766</subfield><subfield code="w">(OCoLC)16786851</subfield></datafield></record>